@book{socketsHarold2013,
	author    = "Elliotte Harold",
	title     = "Java Network Programming",
	year      = 2013,
	publisher = "O'Reilly Media Inc.",
	pages     = "270--1132"
}

@book{socketsDeitel2002,
	author    = "Harvey Deitel and Paul Deitel",
	title     = "Java: How to Program",
	year      = 2002,
	publisher = "Pearson",
	pages     = "1117--1132"
}

@book{threadsWong1999,
	author    = "Scott Oaks and Henry Wong",
 	title     = "Java Threads",
 	year      = 1999,
 	publisher = "O'Reilly Media Inc."
}

@book{oopJavaBuyya2009,
	author    = "Rajkumar Buyya, S Thamarai Selvi, Xingchen Chu",
	title     = "Object-Oriented Programming with Java",
	year      = 2009,
	publisher = "Tata McGraw Hill",
	pages     = "346--363"
}

@book{tcpipDonahoo2001,
	author    = "Kenneth L. Calvert and Michael J. Donahoo",
	title     = "TCP/IP Sockets in Java",
	year      = 2001,
	publisher = "Morgan Kauffman"
}
